@misc{kilde,
    author={{Kilde Kildesen}},
    title={Experiment},    
	year={2021},
}

