@book{griffiths,
author = {David Griffiths},
title = {Introduction to Elementary Particles},
publicher = {WILEY-VCH},
edition = {2},
year = {2012}
}